@online{cn1,
    author = {科技猛兽},
    title = {机器学习中的数学理论1：三步搞定矩阵求导},
    url = {https://zhuanlan.zhihu.com/p/262751195},
    year = {2023}
}

@online{cn2,
    author = {杨亚宁},
    title = {正交投影讲义},
    url = {http://staff.ustc.edu.cn/~ynyang/2023/projection.pdf},
    year = {2023}
}

@unpublished{cn3,
  author = {任宣霏}, 
  title = {回归分析学习指导},
  note = {讲义},
  month = 1,
  year = 2024
}

@book{王松桂1999线性统计模型,
  title={线性统计模型},
  author={王松桂 and 陈敏 and 陈立萍编},
  publisher={线性统计模型},
  year={1999},
}
